% Encoding: windows-1252

@article{hurty1960vibrations,
  title={Vibrations of structural systems by component mode synthesis},
  author={Hurty, Walter C},
  journal={Journal of the Engineering Mechanics Division},
  volume={86},
  number={4},
  pages={51--69},
  year={1960},
  publisher={American Society of Civil Engineers}
}

@article{hurty1965dynamic,
  title={Dynamic analysis of structural systems using component modes},
  author={Hurty, Walter C},
  journal={AIAA journal},
  volume={3},
  number={4},
  pages={678--685},
  year={1965}
}


@article{boo2018towards,
  title={Towards improving the enhanced Craig-Bampton method},
  author={Boo, Seung-Hwan and Kim, Jeong-Ho and Lee, Phill-Seung},
  journal={Computers \& Structures},
  volume={196},
  pages={63--75},
  year={2018},
  publisher={Elsevier}
}

@article{craig1968coupling,
  title={Coupling of substructures for dynamic analyses.},
  author={Craig Jr, Roy R and Bampton, Mervyn CC},
  journal={AIAA journal},
  volume={6},
  number={7},
  pages={1313--1319},
  year={1968}
}

@article{chatterjee2020uncertainty,
  title={Uncertainty propagation in dynamic sub-structuring by model reduction integrated domain decomposition},
  author={Chatterjee, Tanmoy and Adhikari, Sondipon and Friswell, Michael I},
  journal={Computer Methods in Applied Mechanics and Engineering},
  volume={366},
  pages={113060},
  year={2020},
  publisher={Elsevier}
}

@article{kim2015enhanced,
  title={An enhanced craig--bampton method},
  author={Kim, Jin-Gyun and Lee, Phill-Seung},
  journal={International Journal for Numerical Methods in Engineering},
  volume={103},
  number={2},
  pages={79--93},
  year={2015},
  publisher={Wiley Online Library}
}

@article{park2004partitioned,
  title={Partitioned component mode synthesis via a flexibility approach},
  author={Park, KC and Park, Yong Hwa},
  journal={AIAA journal},
  volume={42},
  number={6},
  pages={1236--1245},
  year={2004}
}

@article{hinke2009component,
  title={Component mode synthesis as a framework for uncertainty analysis},
  author={Hinke, Lars and Dohnal, F and Mace, Brian R and Waters, Timothy P and Ferguson, NS},
  journal={Journal of Sound and Vibration},
  volume={324},
  number={1-2},
  pages={161--178},
  year={2009},
  publisher={Elsevier}
}

@article{sarsri2016dynamic,
  title={Dynamic analysis of large structures with uncertain parameters based on coupling component mode synthesis and perturbation method},
  author={Sarsri, D and Azrar, L},
  journal={Ain Shams Engineering Journal},
  volume={7},
  number={1},
  pages={371--381},
  year={2016},
  publisher={Elsevier}
}

@article{dohnal2009joint,
  title={Joint uncertainty propagation in linear structural dynamics using stochastic reduced basis methods},
  author={Dohnal, F and Mace, BR and Ferguson, NS},
  journal={AIAA journal},
  volume={47},
  number={4},
  pages={961--969},
  year={2009}
}

@article{chatterjee2021multilevel,
  title={Multilevel decomposition framework for reliability assessment of assembled stochastic linear structural systems},
  author={Chatterjee, Tanmoy and Adhikari, Sondipon and Friswell, Michael I},
  journal={ASCE-ASME Journal of Risk and Uncertainty in Engineering Systems, Part A: Civil Engineering},
  volume={7},
  number={1},
  pages={04021003},
  year={2021},
  publisher={American Society of Civil Engineers}
}

@inbook{Ghanem1991,
author="Ghanem, Roger G.
and Spanos, Pol D.",
title="Stochastic Finite Element Method: Response Statistics",
bookTitle="Stochastic Finite Elements: A Spectral Approach",
year="1991",
publisher="Springer New York",
address="New York, NY",
pages="101--119",
abstract="An important objective of a stochastic finite element analysis of an engineering system should be the determination of a set of design criteria which can be implemented in a probabilistic context. In other words, it is important that any method that is used for the numerical treatment of stochastic systems be compatible with some rationale that permits a reliability analysis. Traditionally, this problem has been addressed by relying on the second order statistical moments of the response process. These moments offer useful statistical information regarding the response of the system and equations will be developed in an ensuing section for their determination. However, second order moments do not suffice for a complete reliability analysis. For this, higher order moments and related information are required. In this context, the response of any system to a certain excitation may be viewed as a point in the space defined by the parameters describing the system. In other words, for every set of such parameters, the response is uniquely determined as a function of the independent variables. When these parameters are regarded as random variables, the response function may be described as a point in the space spanned by these variables, defining a surface that corresponds to all possible realizations of the random parameters.",
isbn="978-1-4612-3094-6",
doi="10.1007/978-1-4612-3094-6_4",
url="https://doi.org/10.1007/978-1-4612-3094-6_4"
}

@article{xiu2007efficient,
  title={Efficient collocational approach for parametric uncertainty analysis},
  author={Xiu, Dongbin},
  journal={Communications in computational physics},
  volume={2},
  number={2},
  pages={293--309},
  year={2007}
}

@article{babuvska2007stochastic,
  title={A stochastic collocation method for elliptic partial differential equations with random input data},
  author={Babu{\v{s}}ka, Ivo and Nobile, Fabio and Tempone, Ra{\'u}l},
  journal={SIAM Journal on Numerical Analysis},
  volume={45},
  number={3},
  pages={1005--1034},
  year={2007},
  publisher={SIAM}
}

@article{berveiller2006stochastic,
  title={Stochastic finite element: a non intrusive approach by regression},
  author={Berveiller, Marc and Sudret, Bruno and Lemaire, Maurice},
  journal={European Journal of Computational Mechanics/Revue Europ{\'e}enne de M{\'e}canique Num{\'e}rique},
  volume={15},
  number={1-3},
  pages={81--92},
  year={2006},
  publisher={Taylor \& Francis}
}

@article{jacquelin2015polynomial,
  title={Polynomial chaos expansion and steady-state response of a class of random dynamical systems},
  author={Jacquelin, Eric and Adhikari, Sondipon and Sinou, J-J and Friswell, Michael I},
  journal={Journal of Engineering Mechanics},
  volume={141},
  number={4},
  pages={04014145},
  year={2015},
  publisher={American Society of Civil Engineers}
}

@article{jacquelin2017polynomial,
  title={Polynomial chaos-based extended Pad{\'e} expansion in structural dynamics},
  author={Jacquelin, Eric and Dessombz, Olivier and Sinou, J-J and Adhikari, Sondipon and Friswell, Michael Ian},
  journal={International Journal for Numerical Methods in Engineering},
  volume={111},
  number={12},
  pages={1170--1191},
  year={2017},
  publisher={Wiley Online Library}
}

@article{schneider2020polynomial,
  title={Polynomial chaos based rational approximation in linear structural dynamics with parameter uncertainties},
  author={Schneider, Felix and Papaioannou, Iason and Ehre, Max and Straub, Daniel},
  journal={Computers \& Structures},
  volume={233},
  pages={106223},
  year={2020},
  publisher={Elsevier}
}

@article{schneider2023sparse,
  title={Sparse Bayesian learning for complex-valued rational approximations},
  author={Schneider, Felix and Papaioannou, Iason and M{\"u}ller, Gerhard},
  journal={International Journal for Numerical Methods in Engineering},
  volume={124},
  number={8},
  pages={1721--1747},
  year={2023},
  publisher={Wiley Online Library}
}

@article{blatman2010adaptive,
  title={An adaptive algorithm to build up sparse polynomial chaos expansions for stochastic finite element analysis},
  author={Blatman, G{\'e}raud and Sudret, Bruno},
  journal={Probabilistic Engineering Mechanics},
  volume={25},
  number={2},
  pages={183--197},
  year={2010},
  publisher={Elsevier}
}

@article{blatman2011adaptive,
  title={Adaptive sparse polynomial chaos expansion based on least angle regression},
  author={Blatman, G{\'e}raud and Sudret, Bruno},
  journal={Journal of computational Physics},
  volume={230},
  number={6},
  pages={2345--2367},
  year={2011},
  publisher={Elsevier}
}

@article{de2008general,
  title={General framework for dynamic substructuring: history, review and classification of techniques},
  author={De Klerk, Dennis and Rixen, Daniel J and Voormeeren, SN},
  journal={AIAA journal},
  volume={46},
  number={5},
  pages={1169--1181},
  year={2008}
}