@article{craig1968coupling,
  title={Coupling of substructures for dynamic analyses.},
  author={Craig Jr, Roy R and Bampton, Mervyn CC},
  journal={AIAA journal},
  volume={6},
  number={7},
  pages={1313--1319},
  year={1968}
}

@article{chatterjee2021multilevel,
  title={Multilevel decomposition framework for reliability assessment of assembled stochastic linear structural systems},
  author={Chatterjee, Tanmoy and Adhikari, Sondipon and Friswell, Michael I},
  journal={ASCE-ASME Journal of Risk and Uncertainty in Engineering Systems, Part A: Civil Engineering},
  volume={7},
  number={1},
  pages={04021003},
  year={2021},
  publisher={American Society of Civil Engineers}
}

@article{chatterjee2020uncertainty,
  title={Uncertainty propagation in dynamic sub-structuring by model reduction integrated domain decomposition},
  author={Chatterjee, Tanmoy and Adhikari, Sondipon and Friswell, Michael I},
  journal={Computer Methods in Applied Mechanics and Engineering},
  volume={366},
  pages={113060},
  year={2020},
  publisher={Elsevier}
}

@article{krattiger2019interface,
  title={Interface reduction for Hurty/Craig-Bampton substructured models: Review and improvements},
  author={Krattiger, Dimitri and Wu, Long and Zacharczuk, Martin and Buck, Martin and Kuether, Robert J and Allen, Matthew S and Tiso, Paolo and Brake, Matthew RW},
  journal={Mechanical Systems and Signal Processing},
  volume={114},
  pages={579--603},
  year={2019},
  publisher={Elsevier}
}
